<record xmlns='http://www.loc.gov/MARC21/slim'><leader>02222ntm a2200361Ii 4500</leader><controlfield tag='001'>991058301966606011</controlfield><controlfield tag='005'>20220506120620.0</controlfield><controlfield tag='008'>220506s1509    sp            000 0 eng d</controlfield><datafield ind1=' ' ind2=' ' tag='035'><subfield code='a'>(OCoLC)1314385417h</subfield></datafield><datafield ind1=' ' ind2=' ' tag='035'><subfield code='a'>(OCoLC)on1314385417h</subfield></datafield><datafield ind1=' ' ind2=' ' tag='040'><subfield code='a'>HRH</subfield><subfield code='b'>eng</subfield><subfield code='e'>dcrmmss</subfield><subfield code='c'>HRH</subfield></datafield><datafield ind1=' ' ind2=' ' tag='041'><subfield code='a'>spa</subfield></datafield><datafield ind1=' ' ind2=' ' tag='049'><subfield code='a'>HRHH</subfield></datafield><datafield ind1=' ' ind2='9' tag='099'><subfield code='a'>MS 3327, Container 49</subfield></datafield><datafield ind1='0' ind2='0' tag='245'><subfield code='a'>Carta ejecutoria concerning land in the Villa de Montanches :</subfield><subfield code='k'>manuscript.</subfield></datafield><datafield ind1=' ' ind2='0' tag='264'><subfield code='a'>Spain (Granada) ;</subfield><subfield code='c'>1509 September 28</subfield></datafield><datafield ind1=' ' ind2=' ' tag='300'><subfield code='a'>4 leaves :</subfield><subfield code='b'>parchment,</subfield><subfield code='c'>32 x 22 cm</subfield></datafield><datafield ind1=' ' ind2=' ' tag='336'><subfield code='a'>text</subfield><subfield code='b'>txt</subfield><subfield code='2'>rdacontent</subfield></datafield><datafield ind1=' ' ind2=' ' tag='337'><subfield code='a'>unmediated</subfield><subfield code='b'>n</subfield><subfield code='2'>rdamedia</subfield></datafield><datafield ind1=' ' ind2=' ' tag='338'><subfield code='a'>volume</subfield><subfield code='b'>nc</subfield><subfield code='2'>rdacarrier</subfield></datafield><datafield ind1=' ' ind2=' ' tag='500'><subfield code='a'>Title devised by cataloger.</subfield></datafield><datafield ind1=' ' ind2=' ' tag='500'><subfield code='a'>Decorated in red and blue display letters with purple pen flourishing.</subfield></datafield><datafield ind1=' ' ind2=' ' tag='500'><subfield code='a'>Gothic rotunda script</subfield></datafield><datafield ind1=' ' ind2=' ' tag='506'><subfield code='a'>Unrestricted in reading room, but coach user: staff place on plexi cradle and open to 70° only; available for classroom use in exhibit case only.</subfield></datafield><datafield ind1=' ' ind2=' ' tag='590'><subfield code='a'>MS 3327, Container 49: From the William H. and Miriam Lucher Stark Collection; see De Ricci, University of Texas no. 10. Those listed in the pleito include Diego de Sanbria and notary Juan Fernandes de Salva Terra [deceased?]; Graniel Donayre, Johana Gonzales, Catalina Donayre, the three children of Gonzalo Donayre (deceased) from Arroyo de Molinos in Montanches; Yves de Christo and [Mecia&apos;?] de los Angeles, daughters of Juan Fernandes, both professed in the monastery of Santiago de Robledo in Montanches. The white, red, green, and yellow silk cord of authentication is visible in the center fold, but the lead seal is lacking. Binding (Spain 16th c?): Three nested parchment folds; outer fold plain parchment wrapper, inner folds text. Pamphlet stitch (HRC resewing). Writing in ink on front and back covers; evidence of folding. Original housing.</subfield></datafield><datafield ind1=' ' ind2='7' tag='655'><subfield code='a'>Decorated initials.</subfield><subfield code='2'>aat</subfield></datafield><datafield ind1=' ' ind2='7' tag='655'><subfield code='a'>Letters patent.</subfield><subfield code='2'>aat</subfield></datafield><datafield ind1=' ' ind2='7' tag='655'><subfield code='a'>Legal documents.</subfield><subfield code='2'>aat</subfield></datafield><datafield ind1='1' ind2=' ' tag='790'><subfield code='a'>Stark, Miriam Lutcher, 1859-1936,</subfield><subfield code='e'>former owner.</subfield></datafield><datafield ind1='1' ind2=' ' tag='790'><subfield code='a'>Stark, William Henry, 1851-1936,</subfield><subfield code='e'>former owner.</subfield></datafield><datafield ind1='2' ind2=' ' tag='791'><subfield code='a'>Medieval and Early Modern Manuscripts Collection.</subfield></datafield><datafield ind1=' ' ind2=' ' tag='752'><subfield code='a'>Spain,</subfield><subfield code='e'>producation place.</subfield></datafield><datafield ind1=' ' ind2=' ' tag='994'><subfield code='a'>C0</subfield><subfield code='b'>HRH</subfield></datafield></record>
